@article{manuilov2005hilbert,
  title={Hilbert {$\Cst$}-Modules, Translations of Mathematical Monographs, 226},
  author={Manuilov, Vladimir M and Troitsky, Evgenij V},
  journal={American Mathematical Society, Providence, RI},
  year={2005}
}

@article{atiyahsinger1,
  title={The index of elliptic operators: {I}},
  author={Atiyah, Michael F and Singer, Isadore Manuel},
  journal={Annals of mathematics},
  pages={484--530},
  year={1968},
  publisher={JSTOR}
}

@article{atiyahsinger3,
  title={The index of elliptic operators: {III}},
  author={Atiyah, Michael F and Singer, Isadore M},
  journal={Annals of mathematics},
  pages={546--604},
  year={1968},
  publisher={JSTOR}
}


@article{atiyahsinger4,
  title={The index of elliptic operators: {IV}},
  author={Atiyah, Michael F and Singer, Isadore M},
  journal={Annals of Mathematics},
  volume={93},
  number={1},
  pages={119--138},
  year={1971},
  publisher={JSTOR}
}


@article{vanerp,
  title={The {A}tiyah--{S}inger Index Theorem, {\Cst}-algebraic {\K}-theory, and Quantization},
  author={{van Erp}, Erik},
  note={Master thesis},
  year={2000},
}

@book{olsen1994k,
  title={{\K}-theory and {\Cst}-algebras: A Friendly Approach},
  author={Olsen, Niels Erik Wegge},
  year={1994},
  publisher={Oxford University Press}
}

@article{baum2014k,
  title={{\K}-homology and index theory on contact manifolds},
  author={Baum, Paul F and {van Erp}, Erik},
  journal={Acta Mathematica},
  volume={213},
  number={1},
  pages={1--48},
  year={2014},
  publisher={Institut Mittag-Leffler}
}

@Book{hatcher2003vector,
  title={Vector bundles and {\K}-theory},
  author={Hatcher, Allen},
  Publisher="\url{http://www.math.cornell.edu/~hatcher}",
  year={2003}
}

@Book{hatcherAT,
 Author = {Allen {Hatcher}},
 Title = {{Algebraic topology}},
 ISBN = {0-521-79540-0},
 Pages = {xii + 544},
 Year = {2002},
 Publisher = {Cambridge: Cambridge University Press},
 Language = {English},
 MSC2010 = {55-01 55Nxx 55Pxx 55Qxx},
 Zbl = {1044.55001}
}

@article{landweber2005k,
  title={{\K}-theory and elliptic operators},
  author={Landweber, Gregory D},
  journal={arXiv preprint math/0504555},
  year={2005}
}

@book{shanahan2006atiyah,
  title={The {A}tiyah--{S}inger index theorem: an introduction},
  author={Shanahan, Patrick},
  volume={638},
  year={2006},
  publisher={Springer}
}

@book{mukherjee2013atiyah,
  title={{A}tiyah--{S}inger Index Theorem -- An Introduction},
  author={Mukherjee, Amiya},
  year={2013},
  publisher={Springer}
}

@article{higson1993k,
  title={On the {\K}-theory proof of the index theorem},
  author={Higson, Nigel},
  journal={Contemporary Mathematics},
  volume={148},
  pages={67--67},
  year={1993},
  publisher={AMERICAN MATHEMATICAL SOCIETY}
}

@article{kasparov1988equivariant,
  title={Equivariant {\KK}-theory and the {N}ovikov conjecture},
  author={Kasparov, Gennadi G},
  journal={Inventiones mathematicae},
  volume={91},
  number={1},
  pages={147--201},
  year={1988},
  publisher={Springer}
}

@book{treves2013introduction,
  title={Introduction to Pseudodifferential and {F}ourier Integral Operators: Pseudodifferential Operators},
  author={Treves, Jean-Fran{\c{c}}ois},
  year={2013},
  publisher={Springer Science \& Business Media}
}